@misc{misc_breast_cancer_wisconsin_(diagnostic)_17,
  author       = {Wolberg,William, Mangasarian,Olvi, Street,Nick, and Street,W.},
  title        = {{Breast Cancer Wisconsin (Diagnostic)}},
  year         = {1995},
  howpublished = {UCI Machine Learning Repository},
  note         = {{DOI}: https://doi.org/10.24432/C5DW2B}
}

@inproceedings{dataprepeda2021,
  author    = {Jinglin Peng and Weiyuan Wu and Brandon Lockhart and Song Bian and Jing Nathan Yan and Linghao Xu and Zhixuan Chi and Jeffrey M. Rzeszotarski and Jiannan Wang},
  title     = {DataPrep.EDA: Task-Centric Exploratory Data Analysis for Statistical Modeling in Python},
  booktitle = {Proceedings of the 2021 International Conference on Management of Data (SIGMOD '21), June 20--25, 2021, Virtual Event, China},
  year      = {2021}
}

@article{scikit-learn,
  title={Scikit-learn: Machine Learning in {P}ython},
  author={Pedregosa, F. and Varoquaux, G. and Gramfort, A. and Michel, V.
          and Thirion, B. and Grisel, O. and Blondel, M. and Prettenhofer, P.
          and Weiss, R. and Dubourg, V. and Vanderplas, J. and Passos, A. and
          Cournapeau, D. and Brucher, M. and Perrot, M. and Duchesnay, E.},
  journal={Journal of Machine Learning Research},
  volume={12},
  pages={2825--2830},
  year={2011}
}

@inproceedings{
  hollmann2023tabpfn,
  title={Tab{PFN}: A Transformer That Solves Small Tabular Classification Problems in a Second},
  author={Noah Hollmann and Samuel M{\"u}ller and Katharina Eggensperger and Frank Hutter},
  booktitle={The Eleventh International Conference on Learning Representations},
  year={2023},
  url={https://openreview.net/forum?id=cp5PvcI6w8_}
}

@article{northcutt2021confidentlearning,
    title={Confident Learning: Estimating Uncertainty in Dataset Labels},
    author={Curtis G. Northcutt and Lu Jiang and Isaac L. Chuang},
    journal={Journal of Artificial Intelligence Research (JAIR)},
    volume={70},
    pages={1373--1411},
    year={2021}
}

@inproceedings{Chen2016,
  series = {KDD ’16},
  title = {XGBoost: A Scalable Tree Boosting System},
  url = {http://dx.doi.org/10.1145/2939672.2939785},
  DOI = {10.1145/2939672.2939785},
  booktitle = {Proceedings of the 22nd ACM SIGKDD International Conference on Knowledge Discovery and Data Mining},
  publisher = {ACM},
  author = {Chen,  Tianqi and Guestrin,  Carlos},
  year = {2016},
  month = aug,
  collection = {KDD ’16}
}
