@article{Chagas2021,
  doi = {10.1007/s11590-021-01824-y},
  url = {https://doi.org/10.1007/s11590-021-01824-y},
  year = {2021},
  month = nov,
  publisher = {Springer Science and Business Media {LLC}},
  volume = {16},
  number = {8},
  pages = {2313--2331},
  author = {Jonatas B. C. Chagas and Markus Wagner},
  title = {Efficiently solving the thief orienteering problem with a max{\textendash}min ant colony optimization approach},
  journal = {Optimization Letters}
}