@ARTICLE{4129846,
  author={Dorigo, Marco and Birattari, Mauro and Stutzle, Thomas},
  journal={IEEE Computational Intelligence Magazine}, 
  title={Ant colony optimization}, 
  year={2006},
  volume={1},
  number={4},
  pages={28-39},
  doi={10.1109/MCI.2006.329691}}
