@article{Chagas2020,
  doi = {10.1016/j.orl.2020.08.011},
  url = {https://doi.org/10.1016/j.orl.2020.08.011},
  year = {2020},
  month = nov,
  publisher = {Elsevier {BV}},
  volume = {48},
  number = {6},
  pages = {708--714},
  author = {Jonatas B.C. Chagas and Markus Wagner},
  title = {Ants can orienteer a thief in their robbery},
  journal = {Operations Research Letters}
}