@article{Hansen2001,
  doi = {10.1162/106365601750190398},
  url = {https://doi.org/10.1162/106365601750190398},
  year = {2001},
  month = jun,
  publisher = {{MIT} Press - Journals},
  volume = {9},
  number = {2},
  pages = {159--195},
  author = {Nikolaus Hansen and Andreas Ostermeier},
  title = {Completely Derandomized Self-Adaptation in Evolution Strategies},
  journal = {Evolutionary Computation}
}