@article{Santos2018TheTO,
  title={The Thief Orienteering Problem: Formulation and Heuristic Approaches},
  author={Andr{\'e} Gustavo dos Santos and Jonatas B. C. Chagas},
  journal={2018 IEEE Congress on Evolutionary Computation (CEC)},
  year={2018},
  pages={1-9}
}